@ARTICLE{Meyer2000,
AUTHOR={Bernd Meyer},
TITLE={A constraint-based framework for diagrammatic reasoning},
JOURNAL={Applied Artificial Intelligence},
VOLUME= {14},
ISSUE = {4},
PAGES= {327--344},
YEAR={2000}
}

@ARTICLE{Codishetal2000,
AUTHOR={M. Codish and K. Marriott and C.K. Taboch},
TITLE={Improving program analyses by structure untupling},
JOURNAL={Journal of Logic Programming},
VOLUME= {43},
ISSUE = {3},
PAGES= {251--263},
YEAR={2000}
}

@Book{Conway2000,
author = {Damian Conway},
title = {Object {O}riented {P}erl: {A} comprehensive guide to concepts and programming techniques},
publisher = {Manning Publications Co.},
year = {2000},
address = {Connecticut, USA}
}

@INPROCEEDINGS{7541363,
  author={C. {Nair} and Y. N. {Wang}},
  booktitle={2016 IEEE International Symposium on Information Theory (ISIT)}, 
  title={Evaluating hypercontractivity parameters using information measures}, 
  year={2016},
  volume={},
  number={},
  pages={570-574},}

@INPROCEEDINGS{8006666,  author={C. {Nair} and Y. N. {Wang}},  booktitle={2017 IEEE International Symposium on Information Theory (ISIT)},   title={Reverse hypercontractivity region for the binary erasure channel},   year={2017},  volume={},  number={},  pages={938-942},}


@INPROCEEDINGS{0002434,  author={C. {Nair} and Y. N. {Wang}},  booktitle={2020 IEEE International Symposium on Information Theory (ISIT)},   title={On optimal weighted-sum rates for the modulo sum problem},   year={2020},  volume={},  number={},  pages={2434-2438},}

@INPROCEEDINGS{0001528,  author={M. {Costa} and C. {Nair} and D. {Ng} and Y. N. {Wang}},  booktitle={2020 IEEE International Symposium on Information Theory (ISIT)},   title={On optimal weighted-sum rates for the modulo sum problem},   year={2020},  volume={},  number={},  pages={1528-1533},}